@article{usher2016,
  title={Fermionic 6$ j $-symbols in superfusion categories},
  author={Usher, Robert},
  journal={arXiv preprint arXiv:1606.03466},
  year={2016}
}

@article{Lins1994,
  title={Temperley-Lieb Recoupling Theory and Invariants of 3-Manifolds (1994)},
  author={Kauffman, L and Lins, Sostenes},
  journal={Annals of Mathematics Studies},
  number={134}
}

@article{wall1964,
  title={Graded Brauer groups},
  author={Wall, Charles Terence Clegg},
  journal={J. reine angew. Math},
  volume={213},
  pages={187--199},
  year={1964}
}

@incollection{jozefiak1988,
  title={Semisimple superalgebras},
  author={J{\'o}zefiak, Tadeusz},
  booktitle={Algebra Some Current Trends},
  pages={96--113},
  year={1988},
  publisher={Springer}
}